
@misc{graphapi,
 publisher = {Facebook},
 title = {Graph API},
 note = {Accesed: 2017-06-24},
 howpublished = {\url{https://developers.facebook.com/docs/graph-api/} }
}